@article{claesson,
    title={From {Hertzsprung's} problem to pattern-rewriting systems},
    author={Claesson, A.},
    year={2021},
}

@article{linton,
    title={Equivalence Classes of Permutations under Various Relations Generated
        by Constrained Transpositions},
    author={Linton, S. and  Propp, J. and Roby, T. and West, J.},
    journal={Journal of Integer Sequences},
    volume=15,
    number={12.9.1},
    year={2012},
}
