@article{claesson:2021,
    title = {From {Hertzsprung's} problem to pattern-rewriting systems},
   author = {Claesson, Anders},
  journal = {Preprint},
     year = {2021},
      url = {https://akc.is/papers/036-From-Hertzsprungs-problem-to-pattern-rewriting-systems.pdf},
}

@article {claesson:2011,
    author = {Br\"{a}nd\'{e}n, Petter and Claesson, Anders},
     title = {Mesh patterns and the expansion of permutation statistics as
              sums of permutation patterns},
   journal = {Electron. J. Combin.},
  fjournal = {Electronic Journal of Combinatorics},
    volume = {18},
      year = {2011},
    number = {2},
     pages = {Paper 5, 14},
}

@article{linton:2012,
    title={Equivalence Classes of Permutations under Various Relations Generated
        by Constrained Transpositions},
    author={Linton, Steven and  Propp, James and Roby, Tom and West, Julian},
    journal={Journal of Integer Sequences},
    volume=15,
    number={12.9.1},
    year={2012},
}

@article{stanley:2012,
    title={An equivalence relation on the symmetric group and multiplicity-free flag h-vectors},
    author={Stanley, Richard P.},
    journal={J. Comb.},
    volume=3,
    number=3,
    pages={277--298},
    year=2012,
}

@misc{hartjenstein:2021,
  title={Implementation of overlap invariance and a confluence algorithm},
  author={Gunnarsson, Bjarki H.},
  year=2021,
  howpublished="\url{https://github.com/bjarki781/bsproject}",
}
